<?xml version="1.0" encoding="UTF-8"?>
<record xmlns="http://www.loc.gov/MARC21/slim" xmlns:xsi="http://www.w3.org/2001/XMLSchema-instance" xsi:schemaLocation="http://www.loc.gov/MARC21/slim http://www.loc.gov/standards/marcxml/schema/MARC21slim.xsd">
<leader>     cam a2200301 a 4500</leader>
<controlfield tag="001">001700731</controlfield>
<controlfield tag="003">NNU</controlfield>
<controlfield tag="005">20010214210504.0</controlfield>
<controlfield tag="008">900201s1952    le  a    b    001 0 ara d</controlfield>
<datafield tag="035" ind1="9" ind2=" ">
<subfield code="a">NYUb12249311</subfield>
</datafield>
<datafield tag="035" ind1=" " ind2=" ">
<subfield code="a">(NIC)notisAHT6999</subfield>
</datafield>
<datafield tag="035" ind1=" " ind2=" ">
<subfield code="a">(CStRLIN)NYCXAHT6999-B</subfield>
</datafield>
<datafield tag="040" ind1=" " ind2=" ">
<subfield code="a">NIC</subfield>
<subfield code="c">NIC</subfield>
<subfield code="d">NIC</subfield>
</datafield>
<datafield tag="043" ind1=" " ind2=" ">
<subfield code="a">a-le---</subfield>
</datafield>
<datafield tag="100" ind1="1" ind2=" ">
<subfield code="a">Abū Shaqrā, Ḥusayn Ghadbān,</subfield>
<subfield code="d">d. 1903.</subfield>
</datafield>
<datafield tag="245" ind1="1" ind2="3">
<subfield code="a">al-Ḥarakāt fī Lubnān ilá ʻahd al-mutaṣarrifīyah :</subfield>
<subfield code="b">wa-hiya shahādah Durzīyah ṣarīḥah fī makhṭūṭah tulimmu bi-ḥawādith Lubnān wa-aḥwālihi yudlī bi-hā min ruwāt al-Durūz shāhid ʻiyān wa-yusāhimu bihā wāḥid minhum li-awwal marrah fī tārk̄h Lubnān /</subfield>
<subfield code="c">al-rāwī Ḥusayn Ghaḍbān Abū Shaqrā ; al-muʼallif Yūsuf Khaṭṭār Abū Shaqrā ; ta-ḥarrá naṣṣahā wa-ʻallaqa ḥawāshīhā wa-malāḥiqahā wa-waḍaʻa muqaddimatahā wa-fahārisahā ʻĀrif Abū Shaqrā.</subfield>
</datafield>
<datafield tag="260" ind1=" " ind2=" ">
<subfield code="a">Bayrūt :</subfield>
<subfield code="b">[s.n.],</subfield>
<subfield code="c">1952.</subfield>
</datafield>
<datafield tag="300" ind1=" " ind2=" ">
<subfield code="a">12, 244 p. :</subfield>
<subfield code="b">ill ;</subfield>
<subfield code="c">25 cm.</subfield>
</datafield>
<datafield tag="500" ind1=" " ind2=" ">
<subfield code="a">Title on added t.p.: Troubles in Lebanon, an account of political events in Lebanon from 1785 to 1865 by a Druz eye-witness.</subfield>
</datafield>
<datafield tag="500" ind1=" " ind2=" ">
<subfield code="a">Includes indexes.</subfield>
</datafield>
<datafield tag="504" ind1=" " ind2=" ">
<subfield code="a">Bibliography: p. 242.</subfield>
</datafield>
<datafield tag="651" ind1=" " ind2="0">
<subfield code="a">Lebanon</subfield>
<subfield code="x">History</subfield>
<subfield code="y">1516-1918.</subfield>
</datafield>
<datafield tag="700" ind1="1" ind2=" ">
<subfield code="a">Abū Shaqrā, Yūsuf Khaṭṭār,</subfield>
<subfield code="d">ca. 1875-1904.</subfield>
</datafield>
<datafield tag="700" ind1="1" ind2=" ">
<subfield code="a">Abū Shaqrā, ʻĀrif.</subfield>
</datafield>
<datafield tag="740" ind1="0" ind2=" ">
<subfield code="a">Troubles in Lebanon.</subfield>
</datafield>
<datafield tag="OWN" ind1=" " ind2=" ">
<subfield code="a">GENERAL</subfield>
</datafield>
<datafield tag="950" ind1=" " ind2=" ">
<subfield code="l">BMAIN</subfield>
<subfield code="a">DS84</subfield>
<subfield code="b">.A25 1952</subfield>
</datafield>
<datafield tag="955" ind1=" " ind2=" ">
<subfield code="l">BMAIN</subfield>
<subfield code="c">1</subfield>
<subfield code="r">010823022</subfield>
</datafield>
<datafield tag="987" ind1=" " ind2=" ">
<subfield code="a">match points : missing?</subfield>
</datafield>
<datafield tag="998" ind1=" " ind2=" ">
<subfield code="s">9115</subfield>
</datafield>
<datafield tag="AVA" ind1=" " ind2=" ">
<subfield code="a">NYU50</subfield>
<subfield code="b">BOBST</subfield>
<subfield code="c">Main Collection</subfield>
<subfield code="d">DS84 .A25 1952</subfield>
<subfield code="e">unavailable</subfield>
<subfield code="t">Unavailable</subfield>
<subfield code="f">1</subfield>
<subfield code="g">1</subfield>
<subfield code="h">N</subfield>
<subfield code="i">0</subfield>
<subfield code="j">MAIN</subfield>
<subfield code="k">0</subfield>
</datafield>
</record>
